
@book{compchem, 
title={Essentials of Computational Chemistry, Theories and Models},
author={Christopher J. Cramer},
edition={2},
year={2004},
publisher={Wiley-VCH},
adress={Weinheim},
}

@article{langmuir,
author				=	{I. Langmuir},
title				=	{},
journal				=	{J. Am. Chem. Soc.},
volume				=	38,
pages				=	{2221--2295},
year				=	1916,
}

@article{lipids,
author				=	{B. Raguse and V. Braach-Maksvytis and B.A. Cornell and L. G. King},
title				=	{Tethered Lipid Bilayer Membranes: Formation and Ionic Reservoir Characterization},
journal				=	{Langmuir},
volume				=	14,
pages				=	{648--659},
year				=	1998,
}

@article{hag100,
author				=	{Sung Chul Jung and Myung Ho Kang},
title				=	{Effect of hydrogen on the surface relaxation of Pd(100), Rh(100), and Ag(100)},
journal				=	{Physical Review B},
volume				=	72,
pages				=	{205419},
year				=	2005,
}

@article{SRP1,
author				=	{C. Díaz and E. Pijper and R. A. Olsen and H. F. Busnengo and D. J. Auerbach and G. J. Kroes},
title				=	{Chemically Accurate Simulation of a Prototyplical Surface Reaction: H(2) Dissociation on Cu(111)},
journal				=	{Science},
volume				=	326,
pages				=	{832--834},
year				=	2009,
}

@misc{broglie,
author			=	{Louis-Victor de Broglie},
title				=	{Recherches sur la Theorie des Quanta},
howpublished	=	{Ann. de Phys. 10. Volume, III, 1925 },
MONTH				=	{},
YEAR				=	{2004},
note				=	{translated by A.F. Kracklauer},
}

@article{thomson,
author				=	{George Paget Thomson},
title				=	{The Diffraction of Cathode Rays by Thin Films of Platinum},
journal				=	{Nature},
volume				=	120,
pages				=	{802},
year				=	1927,
}

@article{davisson,
author				=	{C. Davisson and L.H. Germer},
title				=	{Diffraction of electrons by a crystal of nickle},
journal				=	{Physical Review},
volume				=	30,
pages				=	{705--704},
year				=	1927,
}

@article{schro1,
author				=	{Erwin Schr"odinger},
title				=	{Quantisierung als Eigenwertproblem},
journal				=	{Annalen der Physik},
volume				=	384,
pages				=	{361},
year				=	1926,
}

@article{schro2,
author				=	{Erwin Schr"odinger},
title				=	{Quantisierung als Eigenwertproblem},
journal				=	{Annalen der Physik},
volume				=	384,
pages				=	{484--527},
year				=	1926,
}

@article{schro5,
author				=	{Erwin Schr"odinger},
title				=	{Über das Verh"altnis der Heisenberg-Born-Jodranschen Quantenmechanik zu der meinen},
journal				=	{Annalen der Physik},
volume				=	384,
pages				=	{734--756},
year				=	1926,
}

@article{schro3,
author				=	{Erwin Schr"odinger},
title				=	{Quantisierung als Eigenwertproblem},
journal				=	{Annalen der Physik},
volume				=	385,
pages				=	{437--490},
year				=	1926,
}

@article{schro4,
author				=   {Erwin Schr"odinger},
title				=   {Quantisierung als Eigenwertproblem},
journal				=   {Annalen der Physik},
volume				=   386,
pages				=   {109--139},
year				=   1926,
}

@article{boa,
author				=   {Max Born and J. Robert Oppenheimer},
title				=   {Zur Quantentheorie von Molekeln},
journal				=   {Annalen der Physik},
volume				=   389,
pages				=   {457--484},
year				=   1927,
}

@article{franc,
author				=   {J. Franck},
title				=   {},
journal				=   {Trans. Faraday Soc.},
pages				=   {},
year				=   1925,
}

@article{cond1,
author				=   {E. Condon},
title				=   {},
journal				=   {Phys. Rev.},
volume				=   28,
pages				=   {1182},
year				=   1926,
}

@article{cond2,
author				=   {E. Condon},
title				=   {},
journal				=   {Proc. Nat. Acad.},
volume				=   13,
pages				=   {463},
year				=   1927,
}

@book{messiah, 
title				=	{Quantum Mechanics},
author				=	{Albert Messiah},
edition				=	{7},
year				=	{1972},
publisher			=	{John Wiley and Sons, Inc.},
adress				=	{New York},
}

@article{nonadia,
author				=	{Alec M. Wodtke and John C. Tully and Daniel J. Auerbach},
title				=	{},
journal				=	{Int. Reviews in Physical Chemistry},
volume              =	23,
pages				=	{513--539},
year				=	2004,
}

@article{hartree,
author				=	{D. R. Hartree},
title				=	{},
journal				=	{Proc. Cambridge Phil. Soc.},
volume              =	24,
pages				=	{89,11,426},
year				=	1928,
}

@book{atkins, 
title				=	{Atkins' Physical Chemistry},
author				=	{Peter Atkins and J. dePaula},
edition				=	{8},
year				=	{2006},
publisher			=	{W.H. Freeman and Company},
adress				=	{New York},
}



@article{bird,
author				=	{Klaus Capelle},
title				=	{A Bird's-Eye View of Density-Functional Theory},
journal				=	{Brazilian Journal of Physics},
volume				=	36,
pages				=	{1318--1343},
year				=	2006,
}


@article{hktheo,
author				=	{P. Hohenberg and W. Kohn},
title				=	{Inhomogeneous Electron Gas},
journal				=	{Physical Review B},
volume				=	136,
pages				=	{864--871},
year				=	1964,
}

@article{fermi,
author				=	{E. Fermi},
title				=	{},
journal				=	{Rend. Accad. Lincei.},
volume				=	6,
pages				=	{602},
year				=	1927,
}

@article{thomas,
author				=	{L. H. Thomas},
title				=	{The calculation of atomic fields},
journal				=	{Proc. Camb. Phil. Soc.},
volume				=	23,
pages				=	{542--548},
year				=	1927,
}

@article{ks,
author				=	{W. Kohn and L.J. Sham},
title				=	{Self-Consistent Equations Including Exchange and correlation Effects},
journal				=	{Physical Review},
volume				=	140,
pages				=	{A1133--A1138},
year				=	1965,
}

@article{vasp1,
author				=	{Jürgen Hafner},
title				=	{Ab-Initio Simulations of Materials Using VASP: Density-Functional Theory and Beyond},
journal				=	{Journal of Computational Chemistry},
volume				=	29,
pages				=	{2046--2078},
year				=	2008,
}

@misc{gaussian,
author			=	{M.J. Frisch and G. W. Trucks and H. H. Schlegel},
title				=	{GAUSSIAN03},
howpublished	=	{Gaussian Inc.},
MONTH				=	{},
YEAR				=	{2004},
note				=	{Revision B.02},
adress				= {Wallingford, CT},
}

@article{pseudo1,
author				=	{D. Porezag and M. R. Pederson and A.Y. Liu},
title				=	{The Accuracy of the Pseudopotential Approximation within Density-Functional Theory},
journal				=	{Physica status solidi (b)},
volume				=	217,
pages				=	{219--230},
year				=	2000,
}

@article{uspseudo,
author				=	{D. Vanderbilt},
title				=	{Soft self-consistent pseudopotentials in a generalized eigenvalue formalism},
journal				=	{Physical Review B},
volume				=	41,
pages				=	{7892--7895},
year				=	1990,
}

@article{exlda,
author				=	{J.C. Slater},
title				=	{A Simplification of the Hartree-Fock Method},
journal				=	{Physical Review},
volume				=	81,
pages				=	{385--390},
year				=	1951,
}

@article{qmc,
author				=	{D. M. Ceperley and B. J. Alder},
title				=	{Ground State of the Electron Gas by a Stochastic Method},
journal				=	{Physical Review Letters},
volume				=	45,
pages				=	{566--569},
year				=	1980,
}

@article{qmc1,
author				=	{J.P. Perdew and A. Zunger},
title				=	{Self-interaction correction to density functional approximations for many-electron systems},
journal				=	{Physical Review B},
volume				=	23,
pages				=	{5048--5079},
year				=	1981,
}

@article{qmc2,
author				=	{J.P. Perdew and Y.Wang},
title				=	{Accurate and simple analytic representation of the electron-gas correlation energy},
journal				=	{Physical Review B},
volume				=	45,
pages				=	{13244--13249},
year				=	1992,
}

@article{linear2,
author				=	{M. Methfessel and C. O. Rodrigues and O. K. Andersen},
title				=	{Fast full-potential calculations with a converged basis of atom-centered linear muffin-tin orbitals: Structural and dynamic properties of silicon},
journal				=	{Physical Review B},
volume				=	40,
pages				=	{2009--2012},
year				=	1989,
}



@article{paw,
author				=	{P. E. Blöchl},
title				=	{Projector augmented-wave method},
journal				=	{Physical Review B},
volume				=	50,
pages				=	{17953--17979},
year				=	1994,
}

@article{linear,
author				=	{O. K. Andersen},
title				=	{Linear methods in band theory},
journal				=	{Physical Review B},
volume				=	12,
pages				=	{3060--3083},
year				=	1975,
}

@article{gga,
author				=	{J. P. Perdew and Y. Wang},
title				=	{Accurate and simple density dunctional for the electronic exchange energy: Generalized gradient approximation},
journal				=	{Physical Review B},
volume				=	33,
pages				=	{8800--8802},
year				=	1986,
}

~@misc{kieron,
author			=	{Kieron Burke},
title				=	{Perspective on Density Functional Theory},
howpublished	=	    {arXiv:1201.3679v1 [physics.chem-ph]},
MONTH				=	{01},
YEAR				=	{2012},
note				=	{},
}

@book{surfsci, 
title={Handbook of Surface Science},
editor={W.N. Unertl},
volume={1},
year={2006},
publisher={Elsevier Science B. V.},
adress={Amsterdam},
}


@article{vaspgr,
author				=	{G. Kresse and J. Furthmu"ller},
title				=	{Ab initio Force Constant Approach to Phonon Dispersion Relations of Diamond and Graphite},
journal				=	{Europhys. Lett.},
volume				=	32,
pages				=	{729--734},
year				=	1995,
}

@article{vaspbn,
author				=	{G. Kern and G. Kresse},
title				=	{Ab initio calculation of the lattice dynamics and phase diagram of boron nitride},
journal				=	{Phys. Rev. B},
volume				=	59,
pages				=	{8551--8559},
year				=	1999,
}

@article{vasprh,
author				=	{A. Eichler and K. Bohnen},
title				=	{Phonon dispersion relation in rhodium: Ab initio calculations and neutron scattering investigations},
journal				=	{Phys. Rev. B},
volume				=	57,
pages				=	{324--333},
year				=	1998,
}

@book{allen, 
title				=	{Introduction to Molecular Dynamics Simulation},
author				=	{Michael P. Allen},
volume				=	{23},
year				=	{2004},
page				=	{1--28},
publisher			=	{Computational Soft Matter: From Synthetic Polymers to Proteins, Lecture Notes},
adress				=	{John von Neumann Institute for Computing, J"ulich},
}

@book{aimd, 
title				=	{Ab Inition Molecular Dynamics},
author				=	{Dominik Marx and J"urg Hutter},
year				=	{2010},
publisher			=	{Cambridge University Press},
adress				=	{New York},
}

@article{carp,
author				=	{R. Car and M. Parrinello},
title				=	{Unified Approach for Molecular Dynamics and Density-Functional Theory},
journal				=	{Phys. Rev. Lett.},
volume				=	55,
pages				=	{2471--2474},
year				=	1985,
}

@article{reconau,
author				=	{M. A. vanHove, R. J. Koestner},
title				=	{The Surface Reconstruction of the (100) Crystal Faces of Iridium, Platinum and Gold},
journal				=	{Surface Science},
volume				=	103,
pages				=	{189--217},
year				=	1981,
}

@article{au111no,
author				=	{S. Roy and N. A. Shenvi and J. C. Tully},
title				=	{Model Hamiltonian for the interaction of NO with the Au(111) surface},
journal				=	{J. Chem. Phys.},
volume				=	130,
pages				=	{174716},
year				=	2009,
}

@article{relaxau,
author				=	{Li Guan and Xu Li and Qian Li and Jianxin Guo and Litao Jin and Qingxun Zhan and Baoting Liu},
title				=	{Relaxation and electronic states of Au(100), (110) and (111) surfaces},
journal				=	{Solid State Communications},
volume				=	149,
pages				=	{1561--1564},
year				=	2009,
}

@article{auxray,
author				=	{R. J. Nichols and T. Nouar and C. A. Lucas},
title				=	{Surface relaxation and surface stress of Au(111)},
journal				=	{Surf. Sci.},
volume				=	513,
pages				=	{263--271},
year				=	2002,
}

@book{auleed, 
title				=	{Surface Crystallography by LEED: Theory, Computation, and Structural Results},
author				=	{M. A. van Hove and S. Y. Tong},
year				=	{1979},
publisher			=	{Springer-Verlag},
adress				=	{Berlin},
}

@article{aurel2,
author				=	{V. Zólyomi and L. Vitos},
title				=	{},
journal				=	{J. Phys.: Condens. Matter},
volume				=	21,
pages				=	{095007},
year				=	2009,
}

@article{aurel3,
author				=	{M. Methfessel and D. Hennig and M. Scheffler},
title				=	{Trends of the surface relaxations, surface energies, and work functions of the 4d transition metals},
journal				=	{Phys. Rev. B},
volume				=	46,
pages				=	{4816--4829},
year				=	1992,
}

@article{aurel4,
author				=	{G. Boisvert and L. Lewis},
title				=	{Energies of diffusion on the (100) and (111) surfaces of Ag, Au, and Ir from first principles},
journal				=	{Phys. Rev. B},
volume				=	52,
pages				=	{9078--9085},
year				=	1995,
}

@article{aurel5,
author				=	{S.M. Foiles and M. I. Baskes},
title				=	{Embedded-atom-method functions for the fcc metals Cu, Ag, Au, Ni, Pd, Pt and their alloys},
journal				=	{Phys. Rev. B},
volume				=	33,
pages				=	{7983--7991},
year				=	1986,
}

@article{aurel6,
author				=	{J. Wan and Y. L. Fan},
title				=	{Surface relaxation and stress of fcc metals: Cu, Ag, Au, ni, Pd, Pt, Al and Pb},
journal				=	{Modelling simul. Mater. Sci. Eng.},
volume				=	7,
pages				=	{189--206},
year				=	1999,
}

@article{aurel7,
author				=	{A.M. Rodríguez and G. Bozzolo and J. Ferrante},
title				=	{Multilayer relaxation and surface energies of fcc and bcc metals using equivalent crystal theory},
journal				=	{Surf. Sci.},
volume				=	289,
pages				=	{100--126},
year				=	1993,
}

@article{aurel8,
author				=	{T. Ning and Q. Yu},
title				=	{Multilayer relaxation at the surface of fcc metals: Cu, Ag, Au, Ni, Pd, Pt, Al},
journal				=	{Surf. Sci.},
volume				=	206,
pages				=	{L857--L863},
year				=	1988,
}

@article{aurecon,
author				=	{Y. Wang and N. Hush and J. R. Reimers},
title				=	{Simulation of the Au(111)-(22x$\sqrt{3}$ surface reconstruction},
journal				=	{Phys. Rev. B},
volume				=	75,
pages				=	{233416--233416},
year				=	2007,
}

@book{latconst, 
title={CRC Handbook of Chemistry and Physics},
author={David R. Lide},
note={"Crystal Structures and Lattice Parameters of Allotropes of the Elements"},
year={2005},
publisher={Internet Version},
adress={Boca Raton, FL},
}

@book{crc2, 
title={CRC Handbook of Chemistry and Physics},
author={David R. Lide},
note={"Crystallographic Data on Minerals"},
year={2005},
publisher={Internet Version},
adress={Boca Raton, FL},
}

@article{aulatt1,
author				=	{W. Zhang and Z. Liu},
title				=	{A first-principles study of NO adsorption and oxidation of Au(111) surface},
journal				=	{J. Chem. Phys.},
volume				=	129,
pages				=	{134708},
year				=	2008,
}

@article{aurecon2,
author				=	{W. Haiss},
title				=	{Surface stress of clean and adsorbate-covered solids},
journal				=	{Rep. Prog. Phys.},
volume				=	64,
pages				=	{591--648},
year				=	2001,
}

@article{aulatt2,
author				=	{A. Bilic and J. Hafner},
title				=	{Adsorption of ammonia on gold (111) surface},
journal				=	{J. Chem. Phys.},
volume				=	116,
pages				=	{8981--8987},
year				=	2002,
}

@article{aulatt3,
author				=	{M. Mavrikakis and P. Stoltze},
title				=	{Making gold less noble},
journal				=	{Catal. Lett.},
volume				=	64,
pages				=	{101--106},
year				=	2000,
}

@article{aulatt4,
author				=	{J. Wellendorff and A. Kelkkanen},
title				=	{RPBE-vdW Description of Benzene Adsorption on Au(111)},
journal				=	{Top. Catal.},
volume				=	53,
pages				=	{378--383},
year				=	2010,
}

@article{aulatt5,
author				=	{V. Soto-Verdugo and H. Metiu},
title				=	{Segregation at the surface of an Au/Pd alloy exposed to CO},
journal				=	{Surf. Sci.},
volume				=	601,
pages				=	{5332--5339},
year				=	2007,
}

@article{aulatt6,
author				=	{M. Gajdo\v{s}, J. Hafner},
title				=	{CO adsorption on close-packed transition and noble metal surfaces: trends from ab initio calculations},
journal				=	{J.Phys.: Condens. Matter},
volume				=	16,
pages				=	{1141--1164},
year				=	2004,
}

@article{aulatt7,
author				=	{S. Tosoni, J. Sauer},
title				=	{Interaction Between Gold Atoms and Thio-Aryl-Ligands on the Au(111) Surface},
journal				=	{J. Phys. Chem. C},
volume				=	115,
pages				=	{24871},
year				=	2011,
}

@article{h1,
author				=	{S.C. Ying and W. Kohn},
title				=	{Density-functional theory of chemisorption on metal surfaces},
journal				=	{Phys. Rev. B},
volume				=	11,
pages				=	{1483--1496},
year				=	1975,
}

@book{catalyse, 
title={Introduction to Surface Chemistry an Catalysis},
author={G. A. Somorjai and Yimin Li},
edition={2},
year={2010},
publisher={John Wiley and Sons},
adress={Hoboken, New Jersey},
}

@article{hau111,
author				=	{P. Ferrin and S. Kandoi and M. Mavriskakis},
title				=	{Hydrogen adsoprtion, absorption and diffusion on and in transition metal surfaces: A DFT study},
journal				=	{Surface Science},
volume				=	606,
pages				=	{679--689},
year				=	2012,
}

@article{hcu111,
author				=	{J. Strömquist and L. Bengtsson and B. Hammer},
title				=	{The dynamics of H absorption in and absorption on Cu(111)},
journal				=	{Surface Science},
volume				=	397,
pages				=	{382--394},
year				=	1998,
}

@article{hcu111b,
author				=	{K. Nobuhara and H. Nakanishi and H. Kasai},
title				=	{Interactions of atomic hydrogen with Cu(111), Pt(111), and Pd(111)},
journal				=	{J. Appl. Phys.},
volume				=	88,
pages				=	{6897--6901},
year				=	2000,
}

@article{hcu111c,
author				=	{K. Nobuhara and H. Nakanishi and H. Kasai},
title				=	{Vibrational properties of hydrogen atom adsorbed on Cu(111) and on Ir(111) surfaces},
journal				=	{J. Appl. Phys.},
volume				=	96,
pages				=	{5020--5025},
year				=	2004,
}

@article{hcu111d,
author				=	{K. Gundersen and B. Hammer},
title				=	{Chemisorption and vibration of hydrogen on Cu(111)},
journal				=	{Surf. Sci.},
volume				=	285,
pages				=	{27--30},
year				=	1993,
}

@article{hcu111e,
author				=	{J.L. Nie and H.Y. Xiao and Y.T. Zu},
title				=	{First-principles study of H adsorption on and absorption in Cu(111) surface},
journal				=	{Chem. Phys},
volume				=	321,
pages				=	{48--54},
year				=	2006,
}

@article{hcu111exp1,
author				=	{G. Anger and A. Winkler},
title				=	{},
journal				=	{Surf. Sci.},
volume				=	220,
pages				=	{1},
year				=	1989,
}

@article{hcu111exp2,
author				=	{D. J. Auerbach and C. t.  Rettner and H. A. Michelsen},
title				=	{},
journal				=	{Surf. Sci.},
volume				=	283,
pages				=	{1},
year				=	1993,
}

@article{hcu111exp3,
author				=	{D. Kolovos-Vellianitis and T. Kammler and J. Kuppers},
title				=	{},
journal				=	{Surf. Sci.},
volume				=	{454--456},
pages				=	{283},
year				=	2000,
}

@article{hcu111nobu3,
author				=	{K. Nobuhara and H. Nakanishi and H. Kasai},
title				=	{Quantum Mechanical Behaviour of an H atom on Cu(111) and Pt(111)},
journal				=	{J. Appl. Phys.},
volume				=	{91},
pages				=	{1855--1859},
year				=	2002,
}

@article{hcu111lee,
author				=	{G. Lee and E. W. Plummer},
title				=	{High-resolution electron energy loss spectroscopy study on chemisorption of hydrogen on Cu(111)},
journal				=	{Surf. Sci.},
volume				=	{498},
pages				=	{229--236},
year				=	2002,
}

@article{PESCu,
author				=	{B. Hammer and M. Scheffler and K. W. Jacobsen and J. K. Norskov},
title				=	{Multidimensional Potential Energy Surface for H$_2$ Dissociation over Cu(111)},
journal				=	{Phys. Rev. Lett.},
volume				=	{73},
pages				=	{1400--1403},
year				=	1993,
}

@article{PESCuse1,
author				=	{J. Dai and J. C. Light},
title				=	{Six dimensional quantum dynamics study for dissociative adsorption of H$_2$ on Cu(111) surface},
journal				=	{J. Chem. Phys.},
volume				=	{107},
pages				=	{1676--1679},
year				=	1997,
}

@article{PESCuse2,
author				=	{M.F. Somers and S.M. Kingma and E. Pijper and G.J. Kroes and D. Lemoine},
title				=	{Six-dimensional quantum dynamics of scattering of (v=0, J=0) H$_2$ and D$_2$ from Cu(111): test of two LEPS potential energy surfaces},
journal				=	{J. Chem. Phys.},
volume				=	{107},
pages				=	{1676--1679},
year				=	1997,
}



@misc{vasp2,
author			=	{RocketTheme, LLC},
title				=	{About VASP},
howpublished	=	{http://www.vasp.at/},
MONTH				=	{},
YEAR				=	{2010},
note				=	{18.04.2012, 11:17},
}

@misc{vasp3,
author			=	{G. Kresse and M. Marsman and J. Furthmüller},
title				=	{VASP the Guide},
howpublished	=	{http://cms.mpi.univie.ac.at/vasp/vasp/vasp.html},
MONTH				=	{18.04.2021, 11:37},
YEAR				=	{},
note				=	{Online manual for VASP,  Computational Physics, Faculty of Physics, Universität Wien},
}

@article{bloch,
author				=	{Felix Bloch},
title				=	{Über die Quantenmechanik der Elektronen in Kristallgittern},
journal				=	{Zeitschrift für Physik A Hadrons and Nuclei},
volume				=	{52},
pages				=	{555--600},
year				=	1928,
}

@article{Monkhorst,
author				=	{H.J. Monkhorst and J.D. Pack},
title				=	{Special points for Brillouin-zone integrations},
journal				=	{Phys. Rev. B},
volume				=	{13},
pages				=	{5188--5192},
year				=	1976,
}

@article{vasp4,
author				=	{G. Kresse and J. Furthmüller},
title				=	{Efficient iterative schemes for ab initio total-energy calculations using a plane-wave basis set},
journal				=	{Phys. Rev. B},
volume				=	{54},
pages				=	{11169--11186},
year				=	1996,
}

@article{CGalgo,
author				=	{M. Teter and M.C. Payne and D.C. Allan},
title				=	{Solution of Schrödinger's equation for large systems},
journal				=	{Phys. Rev. B},
volume				=	{40},
pages				=	{12255--12263},
year				=	1989,
}

@article{rmmdiis,
author				=	{P. Bendt and A. Zunger},
title				=	{New approach for solving the density-functional self-consistent field problem},
journal				=	{Phys. Rev. B},
volume				=	{26},
pages				=	{3114--3137},
year				=	1982,
}

@book{pw911, 
title={Electronic Structure of Solids `91},
author={J. P. Perdew},
editor={P. Ziesche and H. Eschrig},
year={1991},
publisher={Akademie Verlag},
adress={Berlin},
}

@article{pw912,
author				=	{J. P. Perdew},
title				=	{Atoms, molecules, solids and surfaces: Applications of the generalized gradient approximationn for exchange and correlation},
journal				=	{Phys. Rev. B},
volume				=	{46},
pages				=	{6671--6687},
year				=	1992,
}

@article{pbe,
author				=	{J. P. Perdew and K. Burke and M. Ernzerhof},
title				=	{Generalized Gradient Approximation Made Simple},
journal				=	{Phys. Rev. Lett.},
volume				=	{77},
pages				=	{3865--3868},
year				=	1996,
}

@article{rpbe,
author				=	{Y.K. Zhang and W. T. Yang},
title				=	{Comment on "Generalized Gradient Approximation Made Simple"},
journal				=	{Phys. Rev. Lett.},
volume				=	{80},
pages				=	{890},
year				=	1998,
}

@article{rpbe2,
author				=	{B. Hammer and L. B. Hansen and J. K. Norskov},
title				=	{Improved adsorption energetics within density-functional theory using revised Perdew-Burk-Ernzerhof functionals},
journal				=	{Phys. Rev. B},
volume				=	{59},
pages				=	{7413--7421},
year				=	1999,
}

@article{am05,
author				=	{R. Armiento and A. E. Mattsson},
title				=	{Functional designed to include surface effects in self-consistent density functional theory},
journal				=	{Phys. Rev. B},
volume				=	{72},
pages				=	{085108},
year				=	2005,
}

@article{pbesol,
author				=	{J. P. Perdew and A. Ruzsinszky and G. Csonka and O. A. Vydrov and G. E. Scuseria and L. A. Constantin and X L. Zhou and K. Burke},
title				=	{Restoring the Density-Gradient Expansion for Exchange in Solids and Surfaces},
journal				=	{Phys. Rev. Lett.},
volume				=	{100},
pages				=	{136406},
year				=	2008,
}

@article{b3lyp,
author				=	{P.J. Stephens and F. J. Devlin and C. F. Chabalowski and M. J. Frisch},
title				=	{Ab Initio Calculation of Vibrational Absorption and Circular dichroism Spectra Using Density Functional Force Fields},
journal				=	{J. Phys. Chem.},
volume				=	{98},
pages				=	{11623--11627},
year				=	1994,
}

@article{ismear1,
author				=	{G. Kresse and J. Furthmüller},
title				=	{Efficiency of ab-initio total energy calculations for metals and semiconductors using a plane-wave basis set},
journal				=	{Comp. Mat. Sci.},
volume				=	{6},
pages				=	{15--50},
year				=	1996,
}

@article{LT,
author				=	{O. Jepson and O. K. Anderson},
title				=	{The electronic structure of h.c.p. Ytterbium},
journal				=	{Solid State Commun.},
volume				=	{9},
pages				=	{1763--1787},
year				=	1971,
}

@article{LTBl,
author				=	{P. Blöchl and O. Jepson and O. K. Anderson},
title				=	{Improved tetrahedron method for Brillouin-zone integrations},
journal				=	{Phys. Rev. B},
volume				=	{49},
pages				=	{16223--16234},
year				=	1994,
}

@article{fermistep1,
author				=	{W. Weinert and J. W. Davenport},
title				=	{Fractinal occupations and densityfunctional energies and forces},
journal				=	{Phys. Rev. B},
volume				=	{45},
pages				=	{13709--13712},
year				=	1992,
}

@article{fermistep2,
author				=	{R. M. Wentzcovitch and J. L. Martins},
title				=	{Energy versus free-energy conversation in first-principles molecular dynamics},
journal				=	{Phys. Rev. B},
volume				=	{45},
pages				=	{11372--11374},
year				=	1992,
}

@article{methfesselpaxton,
author				=	{M. Methfessel and A. T. Paxton},
title				=	{High-precision sampling for Brillouin-zone integration in metals},
journal				=	{Phys. Rev. B},
volume				=	{40},
pages				=	{3616--3621},
year				=	1989,
}

@article{srp2,
author				=	{L. Schimka and J. Harl and G. Kresse},
title				=	{Accurate surface and adsorption energies from many-body perturbation theory},
journal				=	{Nature Materials},
volume				=	{9},
pages				=	{741--744},
year				=	2010,
}

@article{srp3,
author				=	{Y.Y. Chuang and M. L. Radhakrishnan and P. L. Fast amd C. J. Cramer and D. G. Truhlar},
title				=	{Direct Dynamics for Free Radical Kinetics in Solution: Solvent Effect on the Rate Constant for the Reaction of Methanol with Atomic Hydrogen},
journal				=	{J. Phys. Chem. A},
volume				=	{103},
pages				=	{4893--4909},
year				=	1999,
}

@article{exp1,
author				=	{H.A. Michelsen and D.J. Auerbach},
title				=	{A critical examination of data on the dissociative adsorption and associative desorption of hydrogen at copper surfaces},
journal				=	{J. Chem. Phys.},
volume				=	{94},
pages				=	{7502--7520},
year				=	1991,
}

@article{exp2,
author				=	{H.A. Michelsen and D.J. Auerbach and C.T. Rettner and R. N. Zare},
title				=	{Effect of rotation on the translational and vibrational energy dependence of the dissociative adsorption of D$_2$ on Cu(111)},
journal				=	{J. Chem. Phys.},
volume				=	{98},
pages				=	{8294--8307},
year				=	1993,
}

@article{exp3,
author				=	{H.A. Michelsen and D.J. Auerbach and C.T. Rettner},
title				=	{Quantumstatespecific dynamics of the dissociative adsorption and associative desorption of H$_2$ at Cu(111) surface},
journal				=	{J. Chem. Phys.},
volume				=	{102},
pages				=	{4625--4641},
year				=	1995,
}

@article{exp4,
author				=	{M. J. Murphy and A. Hodgson},
title				=	{Adsorption and desorption dynamics of H$_2$ and D$_2$ on Cu(111): The role of surface temperature and evidence for corrugation of the dissociation barrier},
journal				=	{J. Chem. Phys.},
volume				=	{108},
pages				=	{4199--4211},
year				=	1998,
}

@article{theo1,
author				=	{U. Nielsen and D. Halstead and S. Holloway and J. K. Norskov},
title				=	{The dissociative adsorption of hydrogen: Two, three and fourdimensional quantum simulations},
journal				=	{J. Chem. Phys.},
volume				=	{93},
pages				=	{2879--2884},
year				=	1990,
}

@article{theo2,
author				=	{G. R. Darling and S. Holloway},
title				=	{Translation to vibrational excitation in the dissociative adsorption of D$_2$},
journal				=	{J. Chem. Phys.},
volume				=	{97},
pages				=	{734--736},
year				=	1992,
}

@article{theo3,
author				=	{G. R. Darling and S. Holloway},
title				=	{Rotational motion and the dissociation of H$_2$ on Cu(111)},
journal				=	{J. Chem. Phys.},
volume				=	{101},
pages				=	{3268--3281},
year				=	1994,
}

@article{theo4,
author				=	{J. Dai and J. Z. H. Zhang},
title				=	{Quantum adsorption dynamics of a diatomic molecule on surface: Four dimensional fixed site model for H$_2$ on Cu(111)},
journal				=	{J. Chem. Phys.},
volume				=	{102},
pages				=	{6280--6289},
year				=	1995,
}

@article{exp5,
author				=	{H. A. Michelsen and C. T. Rettner and D. J. Auerbach},
title				=	{State-specific dynamics of D$_2$ desorption from Cu(111): The role of molecular rotational motion in activated adsorption-desorption dynamics},
journal				=	{Phys. Rev. Lett.},
volume				=	{69},
pages				=	{2678--2681},
year				=	1992,
}

@article{exp6,
author				=	{H. A. Michelsen and C. T. Rettner and D. J. Auerbach},
title				=	{Role of vibrational and translational energy in the activated dissociative adsorption of D$_2$ on Cu(111)},
journal				=	{Phys. Rev. Lett.},
volume				=	{68},
pages				=	{1164--1167},
year				=	1992,
}

@article{theo5,
author				=	{A. Gross and B. Hammer and M. Scheffler and W. Brenig},
title				=	{High-Dimensional Quantum Dynamics of Adsorption and Desorption of H$_2$ at Cu(111)},
journal				=	{Phys. Rev. Lett.},
volume				=	{73},
pages				=	{3121--3124},
year				=	1994,
}

@article{exp7,
author				=	{H. Jou and S.J. Gulding and C. T. Rettner and A. M. Wodtke and D. J. Auerbach},
title				=	{The Stereodynamics of a Gas-Surface Reaction},
journal				=	{Science},
volume				=	{277},
pages				=	{80--82},
year				=	1997,
}

@book{solstatephys, 
title={Solid State Physics},
author={J. S. Blakemore},
edition={2},
year={2004},
publisher={Cambridge University Press},
adress={Cambridge},
}

@article{alec1,
author				=	{Y. Huang and C.T. Rettner and D. J. Auerbach and A. M. Wodtke},
title				=	{Vibrational Promotion of Electron Transfer},
journal				=	{Science},
volume				=	290,
pages				=	{111--114},
year				=	2000,
}

@article{alec2,
author				=	{R. Cooper and C. Bartels and A. Kandratsenka and I. Rahinov and N. Shenvi and K. Golibrzuch and Z. Li and D.J Auerbach and J. Tully and A. M. Wodtke},
title				=	{Multiquantum Vibrational Excitation of NO Scattered from Au(111): Quantitative Comparison of Benchmark Data to Ab Initio Theories of Nonadiabatic Molecule-Surface Interactions},
journal				=	{Angew. Chem. Int. Ed.},
volume				=	51,
pages				=	{4954--4958},
year				=	2012,
}

@article{alec3,
author				=	{J. L. LaRue and T. Schäfer and D. Matsiev and L. Velarde and N. H. Nahler and D. J. Auerbach and A. M. Wodtke},
title				=	{Electron Kinetic Energies from Vibrationally Promoted Surface Exoemission: Evidence for a Vibrational Autodetachment Mechanism},
journal				=	{J. Phys. Chem. A},
volume				=	115,
pages				=	{14306--14314},
year				=	2011,
}

@article{alec4,
author				=	{J. L. LaRue and T. Schäfer and D. Matsiev and L. Velarde and N. H. Nahler and D. J. Auerbach and A. M. Wodtke},
title				=	{Vibrationally promoted electron emission at a metal surface: electron kinetic energy distributions},
journal				=	{Phys. Chem. Chem. Phys.},
volume				=	13,
pages				=	{97--99},
year				=	2011,
}

@article{vasp5,
author				=	{G. Kresse and J. Hafner},
title				=	{},
journal				=	{Phys. Rev. B},
volume				=	47,
pages				=	{14251},
year				=	1994,
}

@article{vasp6,
author				=	{G. Kresse and J. Hafner},
title				=	{},
journal				=	{Condens. Matt.},
volume				=	6,
pages				=	{8245},
year				=	1994,
}

@article{emt:1996,
author				=	{K. W. Jacobsen and P. Stoltze and J. K. Norskov},
title				=	{A semi-empirical effective medium theory for metals and alloys},
journal				=	{Surf. Sci.},
volume				=	366,
pages				=	{394--402},
year				=	1996,
}

@article{emt:1998,
author				=	{J. Strömquist and L. Bengtsson and M. Persson and B. Hammer},
title				=	{The dynamics of H absorption in and adsorption on Cu(111)},
journal				=	{Surf. Sci.},
volume				=	397,
pages				=	{382--394},
year				=	1998,
}

@article{emt:1980,
author				=	{J. K. Norskov and N. D. Lang},
title				=	{Effective-mediium theory of chemical binding: Application to chemisorption},
journal				=	{Physical Review B},
volume				=	21,
pages				=	{2131--2136},
year				=	1980,
}

@article{emt:1997,
author				=	{A. Christensen and A. V. Ruban and P. Stoltze and K.W. Jacobsen and H.L. Skriver and J. K. Norskov},
title				=	{Phase diagrams for surface allloys},
journal				=	{Physical Review B},
volume				=	56,
pages				=	{5822--5834},
year				=	1997,
}

@article{emt:1987,
author				=	{K. W. Jacobsen and J. K. Norskov and M. J. Puska},
title				=	{Interatomic interactions in the effective-medium theory},
journal				=	{Physical Review B},
volume				=	35,
pages				=	{7423--7442},
year				=	1987,
}

@article{emtvarma1980,
author				=	{C. M. Varma and A. J. Wilson},
title				=	{Systematics of the binding energy of oxygen and hydrogen on tranistion-metal surfaces.},
journal				=	{Physical Review B},
volume				=	22,
pages				=	{3795--3804},
year				=	1980,
}


@misc{aimdtraj,
author			=	{M. Pavanello and D. Auerbach and G.-J. Kroes},
title				=	{},
howpublished	=	{to be published.},
MONTH				=	{},
YEAR				=	{2013},
note				=	{},
}

@article{embed3,
author				=	{Murray S. Daw and Stephen M. Foiles and Michael I. Baskes},
title				=	{The embedded-atom method: A review of theory and application},
journal				=	{Materials Science Reports},
volume				=	9,
pages				=	{251--310},
year				=	1993,
}




\end{thebibliography}
\end{document}
